@inproceedings{Benton:1998:CSM:289423.289435,
 author = {Benton, Nick and Kennedy, Andrew and Russell, George},
 title = {Compiling Standard ML to Java Bytecodes},
 booktitle = {Proceedings of the Third ACM SIGPLAN International Conference on Functional Programming},
 series = {ICFP '98},
 year = {1998},
 isbn = {1-58113-024-4},
 location = {Baltimore, Maryland, USA},
 pages = {129--140},
 numpages = {12},
 url = {http://doi.acm.org/10.1145/289423.289435},
 doi = {10.1145/289423.289435},
 acmid = {289435},
 publisher = {ACM},
 address = {New York, NY, USA},
} 

@inproceedings{Benton:2004:AIS:1013963.1013987,
 author = {Benton, Nick and Kennedy, Andrew and Russo, Claudio V.},
 title = {Adventures in Interoperability: The SML.NET Experience},
 booktitle = {Proceedings of the 6th ACM SIGPLAN International Conference on Principles and Practice of Declarative Programming},
 series = {PPDP '04},
 year = {2004},
 isbn = {1-58113-819-9},
 location = {Verona, Italy},
 pages = {215--226},
 numpages = {12},
 url = {http://doi.acm.org/10.1145/1013963.1013987},
 doi = {10.1145/1013963.1013987},
 acmid = {1013987},
 publisher = {ACM},
 address = {New York, NY, USA},
 keywords = {applications of declarative programming, functional programming, integration of paradigms, programming environments},
} 

@article{Landin:1966:NPL:365230.365257,
 author = {Landin, P. J.},
 title = {The Next 700 Programming Languages},
 journal = {Commun. ACM},
 issue_date = {March 1966},
 volume = {9},
 number = {3},
 month = mar,
 year = {1966},
 issn = {0001-0782},
 pages = {157--166},
 numpages = {10},
 url = {http://doi.acm.org/10.1145/365230.365257},
 doi = {10.1145/365230.365257},
 acmid = {365257},
 publisher = {ACM},
 address = {New York, NY, USA},
}

@article{Morrisett:2002:STA:968425.968427,
 author = {Morrisett, Greg and Crary, Karl and Glew, Neal and Walker, David},
 title = {Stack-based Typed Assembly Language},
 journal = {J. Funct. Program.},
 issue_date = {January 2002},
 volume = {12},
 number = {1},
 month = jan,
 year = {2002},
 issn = {0956-7968},
 pages = {43--88},
 numpages = {46},
 url = {http://dx.doi.org/10.1017/S0956796801004178},
 doi = {10.1017/S0956796801004178},
 acmid = {968427},
 publisher = {Cambridge University Press},
 address = {New York, NY, USA},
} 